@misc{dimensions,
  title = {{Dimensions.AI}},
  howpublished = {\url{https://app.dimensions.ai/discover/publication?search_mode=content&search_text=synthetic%20data%20generation&search_type=kws&search_field=text_search}},
  year = {2023},
  note = {Accessed on 2023-04-10}
}

@misc{googlepatents,
  title={Google Patents},
  howpublished = {\url{https://patents.google.com/?q=(synthetic+data+generation)&after=filing:20220410}},
  note = {Accessed on April 10th, 2022}
}

@inproceedings{assefa2020generating,
  title={Generating synthetic data in finance: opportunities, challenges and pitfalls},
  author={Assefa, Samuel A and Dervovic, Danial and Mahfouz, Mahmoud and Tillman, Robert E and Reddy, Prashant and Veloso, Manuela},
  booktitle={Proceedings of the First ACM International Conference on AI in Finance},
  pages={1--8},
  year={2020}
}

@article{chen2021synthetic,
  title={Synthetic data in machine learning for medicine and healthcare},
  author={Chen, Richard J and Lu, Ming Y and Chen, Tiffany Y and Williamson, Drew FK and Mahmood, Faisal},
  journal={Nature Biomedical Engineering},
  volume={5},
  number={6},
  pages={493--497},
  year={2021},
  publisher={Nature Publishing Group UK London}
}

@INPROCEEDINGS{SDV,
  author={Patki, Neha and Wedge, Roy and Veeramachaneni, Kalyan},
  booktitle={2016 IEEE International Conference on Data Science and Advanced Analytics (DSAA)}, 
  title={The Synthetic Data Vault}, 
  year={2016},
  volume={},
  number={},
  pages={399-410},
  doi={10.1109/DSAA.2016.49}}


@misc{RC-TGAN,
      title={Row Conditional-TGAN for generating synthetic relational databases}, 
      author={Mohamed Gueye and Yazid Attabi and Maxime Dumas},
      year={2022},
      eprint={2211.07588},
      archivePrefix={arXiv},
      primaryClass={cs.LG}
}

%% GANS
@inproceedings{NIPS2014_GANS,
 author = {Goodfellow, Ian and Pouget-Abadie, Jean and Mirza, Mehdi and Xu, Bing and Warde-Farley, David and Ozair, Sherjil and Courville, Aaron and Bengio, Yoshua},
 booktitle = {Advances in Neural Information Processing Systems},
 editor = {Z. Ghahramani and M. Welling and C. Cortes and N. Lawrence and K.Q. Weinberger},
 pages = {},
 publisher = {Curran Associates, Inc.},
 title = {Generative Adversarial Nets},
 url = {https://proceedings.neurips.cc/paper_files/paper/2014/file/5ca3e9b122f61f8f06494c97b1afccf3-Paper.pdf},
 volume = {27},
 year = {2014}
}

%% VAE
@misc{kingma2022autoencoding,
      title={Auto-Encoding Variational Bayes}, 
      author={Diederik P Kingma and Max Welling},
      year={2022},
      eprint={1312.6114},
      archivePrefix={arXiv},
      primaryClass={stat.ML}
}

%% Diffusion models
@misc{sohldickstein2015deep,
      title={Deep Unsupervised Learning using Nonequilibrium Thermodynamics}, 
      author={Jascha Sohl-Dickstein and Eric A. Weiss and Niru Maheswaranathan and Surya Ganguli},
      year={2015},
      eprint={1503.03585},
      archivePrefix={arXiv},
      primaryClass={cs.LG}
}

%% GPT
@article{radford2018improvingLU,
  title={Improving language understanding by generative pre-training},
  author={Radford, Alec and Narasimhan, Karthik and Salimans, Tim and Sutskever, Ilya and others},
  year={2018},
  publisher={OpenAI}
}

%% GPT-2
@article{Radford2019LanguageMA,
  title={Language models are unsupervised multitask learners},
  author={Radford, Alec and Wu, Jeffrey and Child, Rewon and Luan, David and Amodei, Dario and Sutskever, Ilya and others},
  journal={OpenAI blog},
  volume={1},
  number={8},
  pages={9},
  year={2019}
}

%% GPT3
@misc{brown2020language,
      title={Language Models are Few-Shot Learners}, 
      author={Tom B. Brown and Benjamin Mann and Nick Ryder and Melanie Subbiah and Jared Kaplan and Prafulla Dhariwal and Arvind Neelakantan and Pranav Shyam and Girish Sastry and Amanda Askell and Sandhini Agarwal and Ariel Herbert-Voss and Gretchen Krueger and Tom Henighan and Rewon Child and Aditya Ramesh and Daniel M. Ziegler and Jeffrey Wu and Clemens Winter and Christopher Hesse and Mark Chen and Eric Sigler and Mateusz Litwin and Scott Gray and Benjamin Chess and Jack Clark and Christopher Berner and Sam McCandlish and Alec Radford and Ilya Sutskever and Dario Amodei},
      year={2020},
      eprint={2005.14165},
      archivePrefix={arXiv},
      primaryClass={cs.CL}
}

% AlL yOu NeED !?!?!?
@misc{vaswani2017attention,
      title={Attention Is All You Need}, 
      author={Ashish Vaswani and Noam Shazeer and Niki Parmar and Jakob Uszkoreit and Llion Jones and Aidan N. Gomez and Lukasz Kaiser and Illia Polosukhin},
      year={2017},
      eprint={1706.03762},
      archivePrefix={arXiv},
      primaryClass={cs.CL}
}


%% ZCAM
@misc{zcam,
  title={Zurich Insurance ZCAM},
  howpublished = {\url{https://zcam.zurich.com/}},
  note = {Accessed on April 10th, 2022}
}


%% deep learning TABULAR SURVEY
@article{Borisov_2022,
	doi = {10.1109/tnnls.2022.3229161},
  
	url = {\url{https://doi.org/10.1109%2Ftnnls.2022.3229161}},
  
	year = 2022,
	publisher = {Institute of Electrical and Electronics Engineers ({IEEE})},
  
	pages = {1--21},
  
	author = {Vadim Borisov and Tobias Leemann and Kathrin Sessler and Johannes Haug and Martin Pawelczyk and Gjergji Kasneci},
  
	title = {Deep Neural Networks and Tabular Data: A Survey},
  
	journal = {{IEEE} Transactions on Neural Networks and Learning Systems}
}

%% AIRBNB
@misc{airbnb-kaggle,
  author = {Airbnb},
  title = {Airbnb New User Bookings},
  howpublished = {\url{https://www.kaggle.com/c/airbnb-recruiting-new-user-bookings}},
  year = {2015},
  note = {Accessed on April 10, 2023}
}

%% ROSSMAN
@misc{rossmann_kaggle,
  author = {Rossman Store Sales Kaggle},
  title = {Rossman Store Sales},
  year = {2015},
  publisher = {Kaggle},
  howpublished = {\url{https://www.kaggle.com/c/rossmann-store-sales}},
  note = {Accessed on April 10, 2023}
}

%% ROSSMAN
@misc{telstra_kaggle,
  author = {Telstra},
  title = {Rossman Store Sales},
  year = {2015},
  publisher = {Kaggle},
  howpublished = {\url{https://www.kaggle.com/c/telstra-recruiting-network}},
  note = {Accessed on April 10, 2023}
}

%% biodegradability
@article{biodegradability,
author = {Blockeel, Hendrik and Džeroski, Sašo and Kompare, Boris and Kramer, Stefan and Pfahringer, Bernhard and Laer, Wim},
year = {1999},
month = {06},
pages = {},
title = {Experiments In Predicting Biodegradability},
volume = {18},
isbn = {978-3-540-66109-2},
journal = {Applied Artificial Intelligence},
doi = {10.1080/08839510490279131}
}

%% Mutagenesis
@article{doi:10.1021/jm00106a046,
    author = {Debnath, Asim Kumar and Lopez de Compadre, Rosa L. and Debnath, Gargi and Shusterman, Alan J. and Hansch, Corwin},
    title = {Structure-activity relationship of mutagenic aromatic and heteroaromatic nitro compounds. Correlation with molecular orbital energies and hydrophobicity},
    journal = {Journal of Medicinal Chemistry},
    volume = {34},
    number = {2},
    pages = {786-797},
    year = {1991},
    doi = {10.1021/jm00106a046},
    URL = { 
            https://doi.org/10.1021/jm00106a046
    },
    eprint = { 
            https://doi.org/10.1021/jm00106a046
        
    }
}

%% walmart
@misc{walmart-dataworld,
  author       = {Wilczek, Tommy},
  title        = {Walmart: Sales in Stormy Weather},
  howpublished = {data.world},
  year         = {2019},
  url          = {https://data.world/tommywilczek/walmart},
  note         = {Accessed: April 10, 2023}
}

% coupons https://www.kaggle.com/c/coupon-purchase-prediction
@misc{coupons_kaggle,
  author = {Recruit Holdings},
  title = {Coupon Purchase Prediction},
  year = {2015},
  publisher = {Kaggle},
  howpublished = {\url{https://www.kaggle.com/c/coupon-purchase-prediction}},
  note = {Accessed on April 10, 2023}
}


@manual{
    sdmetrics,
    title = {Synthetic Data Metrics},
    organization = {DataCebo, Inc.},
    year = {2022},
    month = {10},
    note = {Version 0.8.0},
    url = {https://docs.sdv.dev/sdmetrics/}
}

%% Realtabformer
@misc{solatorio2023realtabformer,
      title={REaLTabFormer: Generating Realistic Relational and Tabular Data using Transformers}, 
      author={Aivin V. Solatorio and Olivier Dupriez},
      year={2023},
      eprint={2302.02041},
      archivePrefix={arXiv},
      primaryClass={cs.LG}
}

%% CAP algorithm for privacy
@article{CAP-elliot,
  title={Final report on the disclosure risk associated with the synthetic data produced by the sylls team},
  author={Elliot, Mark},
  journal={Report 2015},
  volume={2},
  year={2015}
}

%% MostlyAI
@misc{mostlyai,
  title={MOSTLYAI},
  howpublished = {\url{https://mostly.ai/}},
  note = {Accessed on April 10th, 2022}
}

%% GretelAI
@misc{gretelai,
  title={gretel},
  howpublished = {\url{https://gretel.ai/}},
  note = {Accessed on April 10th, 2022}
}

% Seq2Seq
@misc{yun2020transformers,
      title={Are Transformers universal approximators of sequence-to-sequence functions?}, 
      author={Chulhee Yun and Srinadh Bhojanapalli and Ankit Singh Rawat and Sashank J. Reddi and Sanjiv Kumar},
      year={2020},
      eprint={1912.10077},
      archivePrefix={arXiv},
      primaryClass={cs.LG}
}

%% synthcity single table evaluation
@misc{synthcity,
  doi = {10.48550/ARXIV.2301.07573},
  url = {https://arxiv.org/abs/2301.07573},
  author = {Qian, Zhaozhi and Cebere, Bogdan-Constantin and van der Schaar, Mihaela},
  keywords = {Machine Learning (cs.LG), Artificial Intelligence (cs.AI), FOS: Computer and information sciences, FOS: Computer and information sciences},
  title = {Synthcity: facilitating innovative use cases of synthetic data in different data modalities},
  year = {2023},
  copyright = {Creative Commons Attribution 4.0 International}
}

%% RealTabFormer tokenization
@misc{padhi2021tabular,
      title={Tabular Transformers for Modeling Multivariate Time Series}, 
      author={Inkit Padhi and Yair Schiff and Igor Melnyk and Mattia Rigotti and Youssef Mroueh and Pierre Dognin and Jerret Ross and Ravi Nair and Erik Altman},
      year={2021},
      eprint={2011.01843},
      archivePrefix={arXiv},
      primaryClass={cs.LG}
}